@article{Devlin2019,
  title={BERT: Pre-training of Deep Bidirectional Transformers for Language Understanding},
  author={Devlin, Jacob and Chang, Ming-Wei and Lee, Kenton and Toutanova, Kristina},
  journal={Proceedings of the 2019 Conference of the North American Chapter of the Association for Computational Linguistics: Human Language Technologies},
  pages={4171--4186},
  year={2019}
}

@article{Elnaggar2021,
  title={ProtTrans: Towards Cracking the Language of Life's Code Through Self-Supervised Deep Learning and High Performance Computing},
  author={Elnaggar, Ahmed and Heinzinger, Michael and Dallago, Christian and Rehawi, Ghalia and Wang, Yu and Jones, Llion and Gibbs, Tom and Feher, Tamas and Angerer, Christoph and Steinegger, Martin and Bhowmik, Debsindhu and Rost, Burkhard},
  journal={IEEE Transactions on Pattern Analysis and Machine Intelligence},
  year={2021},
  doi={10.1109/TPAMI.2021.3095381}
}

@book{Jolliffe2016,
  title={Principal Component Analysis},
  author={Jolliffe, Ian T. and Cadima, Jorge},
  publisher={Springer},
  year={2016},
  edition={2nd}
}

@article{Maaten2008,
  title={Visualizing Data using t-SNE},
  author={van der Maaten, Laurens and Hinton, Geoffrey},
  journal={Journal of Machine Learning Research},
  volume={9},
  pages={2579--2605},
  year={2008}
}

@article{McInnes2018,
  title={UMAP: Uniform Manifold Approximation and Projection for Dimension Reduction},
  author={McInnes, Leland and Healy, John and Melville, James},
  journal={arXiv preprint arXiv:1802.03426},
  year={2018}
}

@article{Robinson2015,
  title={The IPD and IMGT/HLA database: allele variant databases},
  author={Robinson, James and Halliwell, Jason A and Hayhurst, James D and Flicek, Paul and Parham, Peter and Marsh, Steven GE},
  journal={Nucleic acids research},
  volume={43},
  number={D1},
  pages={D423--D431},
  year={2015},
  publisher={Oxford University Press}
}

@article{Marsh2010,
  title={Nomenclature for factors of the HLA system, 2010},
  author={Marsh, Steven GE and Albert, ED and Bodmer, WF and Bontrop, RE and Dupont, B and Erlich, HA and Fernández-Viña, M and Geraghty, DE and Holdsworth, R and Hurley, CK and others},
  journal={Tissue antigens},
  volume={75},
  number={4},
  pages={291--455},
  year={2010},
  publisher={Wiley Online Library}
}

@article{Suthram2023,
  title={Machine Learning Applications in HLA Matching for Solid Organ and Stem Cell Transplantation},
  author={Suthram, Silpa and Zhang, Michael and Lee, Seunggeun and Zheng, Nancy},
  journal={Clinical Journal of the American Society of Nephrology},
  volume={18},
  number={4},
  pages={481--492},
  year={2023}
}
